% THIS LIST PRESENTS STANDARDIZED NAMES FOR PROCEEDINGS AND JOURNALS.
% IT DOES NOT, IN ANY WAY, LIMIT THE REFERENCES TO VENUES ON THIS LIST.
% IT IS MERE A SUGGESTION ON HOW TO WRITE THE VENUES IN THE BIB FILES,
%   SO THAT JIDM KEEPS A MINIMUM OF CONSISTENCY AMONG CITATIONS
% SEPT.3rd.2010




@inproceedings{marx_treewidth_reduction,
  author    = {D{\'{a}}niel Marx and
               Barry O'Sullivan and
               Igor Razgon},
  title     = {Treewidth Reduction for Constrained Separation and Bipartization Problems},
  booktitle = {Proc. of the 27th International Symposium on Theoretical Aspects of Computer Science,
                (STACS)},
  pages     = {561--572},
  year      = {2010},
 series    = {LIPIcs},
  volume    = {5},
}




@inproceedings{matching_cut_ipec,
  author    = {Komusiewicz, Christian and Kratsch, Dieter
and Van Bang Le},
  title     = {{Matching Cut: Kernelization, Single-Exponential Time FPT, and Exact Exponential
Algorithms}},
  booktitle = {Proc. of the 13th International Symposium on Parameterized and Exact Computation
               (IPEC)},
  pages     = {19:1--19:13},
  year      = {2018},
  series    = {LIPIcs},
  volume    = {115},
}


@article{chvatal_matching_cut,
  title={Recognizing decomposable graphs},
  author={Chv{\'a}tal, Vasek},
  journal={Journal of Graph Theory},
  volume={8},
  number={1},
  pages={51--53},
  year={1984},
  publisher={Wiley Online Library}
}

@inproceedings{lovasz_hypergraph,
  title={Coverings and colorings of hypergraphs},
  author={Lov{\'a}sz, L{\'a}szl{\'o}},
  booktitle={Proc. of the 4th Southeastern Conference of Combinatorics, Graph Theory, and Computing},
  pages={3--12},
  year={1973},
  organization={Utilitas Mathematica Publishing}
}

@book{downey_fellows,
  title={Fundamentals of parameterized complexity},
  author={Downey, Rodney G and Fellows, Michael R},
  volume={4},
  year={2013},
  publisher={Springer}
}


@Article{treewidth,
  Title                    = {{Graph minors. II. Algorithmic aspects of tree-width}},
  Author                   = {Neil Robertson and P.D Seymour},
  Journal                  = {Journal of Algorithms},
  Year                     = {1986},
  Number                   = {3},
  Pages                    = {309--322},
  Volume                   = {7}
}



@inproceedings{matching_cut_structural,
  author    = {N. R. Aravind and
               Subrahmanyam Kalyanasundaram and
               Anjeneya Swami Kare},
  title     = {On Structural Parameterizations of the Matching Cut Problem},
  booktitle = {Proc. of the 11th International Conference on Combinatorial Optimization and Applications (COCOA)},
  pages     = {475--482},
  year      = {2017},
 series    = {LNCS},
 volume    = {10628},
}

@article{matching_cut_graham,
  title={On primitive graphs and optimal vertex assignments},
  author={Graham, Ron L},
  journal={Annals of the New York academy of sciences},
  volume={175},
  number={1},
  pages={170--186},
  year={1970},
  publisher={Wiley Online Library}
}

@article{matching_cut_moshi,
  title={Matching cutsets in graphs},
  author={Moshi, Augustine M},
  journal={Journal of Graph Theory},
  volume={13},
  number={5},
  pages={527--536},
  year={1989},
  publisher={Wiley Online Library}
}

@article{matching_cut_tcs,
  title={Algorithms solving the matching cut problem},
  author={Dieter Kratsch and
               Van Bang Le},
  journal={Theoretical Computer Science},
  volume={609},
  pages={328--335},
  year={2016},
}



@inproceedings{matching_cut_diameter,
  author    = {Ho{\`{a}}ng{-}Oanh Le and
               Van Bang Le},
  title     = {On the Complexity of Matching Cut in Graphs of Fixed Diameter},
  booktitle = {Proc. of the 27th International Symposium on Algorithms and Computation (ISAAC)},
  pages     = {50:1--50:12},
  year      = {2016},
  series    = {LIPIcs},
  volume    = {64},
}



@article{matching_cut_planar,
  author    = {Paul S. Bonsma},
  title     = {The complexity of the matching-cut problem for planar graphs and other
               graph classes},
  journal   = {Journal of Graph Theory},
  volume    = {62},
  number    = {2},
  pages     = {109--126},
  year      = {2009},
}



@inproceedings{matching_cut_series_parallel,
  title={The complexity of the matching-cut problem},
  author={Patrignani, Maurizio and Pizzonia, Maurizio},
 booktitle = {Proc. of the 27th International Workshop on Graph-Theoretic Concepts in Computer Science (WG)},
  pages={284--295},
  year={2001},
  series    = {LNCS},
  volume    = {2204},
}



@article{stable_cutset_line_graphs,
  author    = {Van Bang Le and
               Bert Randerath},
  title     = {On stable cutsets in line graphs},
  journal   = {Theoretical Computer Science},
  volume    = {301},
  number    = {1-3},
  pages     = {463--475},
  year      = {2003},
}



@article{eth,
  title={{On the complexity of $k$-SAT}},
  author={Impagliazzo, Russell and Paturi, Ramamohan},
  journal={Journal of Computer and System Sciences},
  volume={62},
  number={2},
  pages={367--375},
  year={2001},
  publisher={Elsevier}
}

@article{courcelle_theorem,
  title={{The monadic second-order logic of graphs. I. Recognizable sets of finite graphs}},
  author={Courcelle, Bruno},
  journal={Information and computation},
  volume={85},
  number={1},
  pages={12--75},
  year={1990},
  publisher={Citeseer}
}

@article{internal_partition_thomassen,
  title={Graph decomposition with constraints on the connectivity and minimum degree},
  author={Thomassen, Carsten},
  journal={Journal of Graph Theory},
  volume={7},
  number={2},
  pages={165--167},
  year={1983},
  publisher={Wiley Online Library}
}

@article{internal_partition_stiebitz,
  title={Decomposing graphs under degree constraints},
  author={Stiebitz, Michael},
  journal={Journal of Graph Theory},
  volume={23},
  number={3},
  pages={321--324},
  year={1996},
  publisher={Wiley Online Library}
}

@article{internal_partition_triangle_free,
  title={On decomposition of triangle-free graphs under degree constraints},
  author={Kaneko, Atsushi},
  journal={Journal of Graph Theory},
  volume={27},
  number={1},
  pages={7--9},
  year={1998},
  publisher={Wiley Online Library}
}

@article{internal_partition_c4_free,
  title={{Decomposing $C_4$-free graphs under degree constraints}},
  author={Ma, Jie and Yang, Tianchi},
  journal={Journal of Graph Theory},
  volume={90},
  number={1},
  pages={13--23},
  year={2019},
}

@article{internal_partition_regular6,
  title={Internal partitions of regular graphs},
  author={Ban, Amir and Linial, Nati},
  journal={Journal of Graph Theory},
  volume={83},
  number={1},
  pages={5--18},
  year={2016},
}

@article{internal_partition_regular3_4,
  title={On satisfactory partitioning of graphs},
  author={Shafique, Khurram H and Dutton, Ronald D},
  journal={Congressus Numerantium},
  pages={183--194},
  year={2002},
  publisher={Winnipeg; Utilitas Mathematica; 1998}
}



@inproceedings{cross_composition,
  author    = {Hans L. Bodlaender and
               Bart M. P. Jansen and
               Stefan Kratsch},
  title     = {Cross-Composition: {A} New Technique for Kernelization Lower Bounds},
  booktitle = {Proc. of the 28th International Symposium on Theoretical Aspects of Computer Science (STACS)},
  pages     = {165--176},
  year      = {2011},
  series    = {LIPIcs},
  volume    = {9},
}


@book{exact_exponential_algorithms,
  title={Exact Exponential Algorithms},
  author={Fomin, Fedor V. and Kratsch, Dieter},
  year={2010},
  publisher={Springer}
}

@MISC{DeVos09,
  author =       {DeVos, Matt},
  title =        {\texttt{http://www.openproblemgarden.org/op/friendly\_partitions}},
  year =         {2009},
}

@book{CyganFKLMPPS15,
  author    = {Marek Cygan and
               Fedor V. Fomin and
               Lukasz Kowalik and
               Daniel Lokshtanov and
               D{\'{a}}niel Marx and
               Marcin Pilipczuk and
               Michal Pilipczuk and
               Saket Saurabh},
  title     = {Parameterized Algorithms},
  publisher = {Springer},
  year      = {2015},
}

@BOOK{Klo94,
  AUTHOR =       {T. Kloks},
  TITLE =        {Treewidth. Computations and Approximations},
  PUBLISHER =    {Springer-Verlag LNCS},
  YEAR =         {1994},
}


@ARTICLE{branching-cluster,
  AUTHOR =       {Anudhyan Boral and Marek Cygan and Tomasz Kociumaka and Marcin Pilipczuk},
  TITLE =        {A fast branching algorithm for cluster vertex deletion},
  JOURNAL =      {Theory of Computing Systems},
  YEAR =         {2016},
  volume =       {58},
  number =       {2},
  pages =        {357--376},
}

@book{Die10,
	Author = {Reinhard Diestel},
	Publisher = {Springer-Verlag, 4th edition},
	Title = {{Graph Theory}},
	Volume = {173},
	Year = {2010}}

@book{DF13,
  author    = {R. G. Downey and
               M. R. Fellows},
  title     = {Fundamentals of Parameterized Complexity},
  publisher = {Springer},
  series    = {Texts in Computer Science},
  year      = {2013},
}

@article{BodlaenderDFH09,
  author    = {Hans L. Bodlaender and
               Rodney G. Downey and
               Michael R. Fellows and
               Danny Hermelin},
  title     = {On problems without polynomial kernels},
  journal   = {Journal of Computer and System Sciences},
  volume    = {75},
  number    = {8},
  pages     = {423--434},
  year      = {2009},
}

@article{BodlaenderJK14,
  author    = {Hans L. Bodlaender and
               Bart M. P. Jansen and
               Stefan Kratsch},
  title     = {Kernelization Lower Bounds by Cross-Composition},
  journal   = {{SIAM} Journal on Discrete Mathematics},
  volume    = {28},
  number    = {1},
  pages     = {277--305},
  year      = {2014},
}

@article{FortnowS11,
  author    = {Lance Fortnow and
               Rahul Santhanam},
  title     = {{Infeasibility of instance compression and succinct PCPs for {NP}}},
  journal   = {Journal of Computer and System Sciences},
  volume    = {77},
  number    = {1},
  pages     = {91--106},
  year      = {2011},
}

@article{Yap83,
  author    = {Chee{-}Keng Yap},
  title     = {Some Consequences of Non-Uniform Conditions on Uniform Classes},
  journal   = {Theoretical Computer Science},
  volume    = {26},
  pages     = {287--300},
  year      = {1983},
}



@BOOK{book-kernels,
  AUTHOR =       {Fedor V. Fomin and Daniel Lokshtanov and Saket Saurabh and Meirav Zehavi},
  TITLE =        {{Kernelization: Theory of Parameterized Preprocessing}},
  PUBLISHER =    {Cambridge University Press},
  YEAR =         {2019},
}
